@Book{xie2015,
  title = {Dynamic Documents with {R} and knitr},
  author = {Yihui Xie},
  publisher = {Chapman and Hall/CRC},
  address = {Boca Raton, Florida},
  year = {2015},
  edition = {2nd},
  note = {ISBN 978-1498716963},
  url = {http://yihui.name/knitr/},
}

@techreport{StatsCan2010,
  author = {{Statistics Canada}},
  title = {Healthy People, Healthy Places},
  institution = {Statistics Canada},
  year = {2010},
  url ={https://www150.statcan.gc.ca/n1/pub/82-229-x/82-229-x2009001-eng.htm}
}

@article{INSPQ2000,
  author= {{Pampalon R, Raymond G}},
  title = {A deprivation index for health and welfare planning in Quebec},
  journal = {Chronic Dis Can},
  year = {2000},
  volume = {21},
  number={3},
  pages={104-13}
}

@Book{MPoRT,
  title = {Mortality Population Risk Tool},
  author = {Project Big Life},
  publisher = {_},
  year = {??},
  url = {http://docs.projectbiglife.ca/how_to.html},
}
