@Book{xie2015,
  title = {Dynamic Documents with {R} and knitr},
  author = {Yihui Xie},
  publisher = {Chapman and Hall/CRC},
  address = {Boca Raton, Florida},
  year = {2015},
  edition = {2nd},
  note = {ISBN 978-1498716963},
  url = {http://yihui.name/knitr/},
}

@techreport{StatsCan2010,
  author = {{Statistics Canada}},
  title = {Healthy People, Healthy Places},
  institution = {Statistics Canada},
  year = {2010},
  url ={https://www150.statcan.gc.ca/n1/pub/82-229-x/82-229-x2009001-eng.htm}
}

@article{INSPQ2000,
  author= {{Pampalon R, Raymond G}},
  title = {A deprivation index for health and welfare planning in Quebec},
  journal = {Chronic Dis Can},
  year = {2000},
  volume = {21},
  number={3},
  pages={104-13}
}

@Book{MPoRT,
  title = {Mortality Population Risk Tool},
  author = {Project Big Life},
  publisher = {_},
  year = {??},
  url = {http://docs.projectbiglife.ca/how_to.html},
}

@article{PoRTover,
	author = {Manuel D, et al},
	title = {Predictive risk algorithms in a population setting: an overview},
	volume = {66},
	number = {10},
	pages = {859--865},
	year = {2012},
	doi = {10.1136/jech-2012-200971},
	publisher = {BMJ Publishing Group Ltd},
	issn = {0143-005X},
	URL = {https://jech.bmj.com/content/66/10/859},
	eprint = {https://jech.bmj.com/content/66/10/859.full.pdf},
	journal = {Journal of Epidemiology \& Community Health}
}

@Manual{R-base,
  title = {R: A Language and Environment for Statistical Computing},
  author = {{R Core Team}},
  organization = {R Foundation for Statistical Computing},
  address = {Vienna, Austria},
  year = {2019},
  url = {https://www.R-project.org/},
}
@Manual{R-bookdown,
  title = {bookdown: Authoring Books and Technical Documents with R Markdown},
  author = {Yihui Xie},
  year = {2019},
  note = {R package version 0.10},
  url = {https://CRAN.R-project.org/package=bookdown},
}
@Manual{R-kableExtra,
  title = {kableExtra: Construct Complex Table with 'kable' and Pipe Syntax},
  author = {Hao Zhu},
  year = {2019},
  note = {R package version 1.1.0},
  url = {https://CRAN.R-project.org/package=kableExtra},
}
@Manual{R-knitr,
  title = {knitr: A General-Purpose Package for Dynamic Report Generation in R},
  author = {Yihui Xie},
  year = {2019},
  note = {R package version 1.22},
  url = {https://CRAN.R-project.org/package=knitr},
}
@Manual{R-rmarkdown,
  title = {rmarkdown: Dynamic Documents for R},
  author = {JJ Allaire and Yihui Xie and Jonathan McPherson and Javier Luraschi and Kevin Ushey and Aron Atkins and Hadley Wickham and Joe Cheng and Winston Chang and Richard Iannone},
  year = {2019},
  note = {R package version 1.12},
  url = {https://CRAN.R-project.org/package=rmarkdown},
}
