@Book{xie2015,
  title = {Dynamic Documents with {R} and knitr},
  author = {Yihui Xie},
  publisher = {Chapman and Hall/CRC},
  address = {Boca Raton, Florida},
  year = {2015},
  edition = {2nd},
  note = {ISBN 978-1498716963},
  url = {http://yihui.name/knitr/},
}

@techreport{StatsCan2010,
  author = {{Statistics Canada}},
  title = {Healthy People, Healthy Places},
  institution = {Statistics Canada},
  year = {2010},
  url ={https://www150.statcan.gc.ca/n1/pub/82-229-x/82-229-x2009001-eng.htm}
}

@article{INSPQ2000,
  author= {{Pampalon R, Raymond G}},
  title = {A deprivation index for health and welfare planning in Quebec},
  journal = {Chronic Dis Can},
  year = {2000},
  volume = {21},
  number={3},
  pages={104-13}
}

@Book{MPoRT,
  title = {Mortality Population Risk Tool},
  author = {Project Big Life},
  publisher = {_},
  year = {??},
  url = {http://docs.projectbiglife.ca/how_to.html},
}

@article{PoRTover,
	author = {Manuel D, et al},
	title = {Predictive risk algorithms in a population setting: an overview},
	volume = {66},
	number = {10},
	pages = {859--865},
	year = {2012},
	doi = {10.1136/jech-2012-200971},
	publisher = {BMJ Publishing Group Ltd},
	issn = {0143-005X},
	URL = {https://jech.bmj.com/content/66/10/859},
	eprint = {https://jech.bmj.com/content/66/10/859.full.pdf},
	journal = {Journal of Epidemiology \& Community Health}
}

@techreport{manuel2012,
   author = {Manuel, D.G. and Perez, R. and Bennett, C. and Rosella, L. and Taljaard, M. and Roberts, M. and Sanderson, R. and Tuna, M. and Tanuseputro, P. and Manson, H.},
   title = {Seven More Years: The impact of smoking, alcohol, diet, physical activity and stress on health and life expectancy in Ontario.},
   institution = {Institute for Clinical Evaluative Sciences and Public Health Ontario},
   url = {https://www.ices.on.ca/Publications/Atlases-and-Reports/2012/Seven-More-Years},
   year = {2012},
   type = {Report}
}

@article{manuel2018,
   author = {Manuel, D. G. and Perez, R. and Sanmartin, C. and Taljaard, M. and Hennessy, D. and Wilson, K. and Tanuseputro, P. and Manson, H. and Bennett, C. and Tuna, M. and Fisher, S. and Rosella, L. C.},
   title = {Measuring Burden of Unhealthy Behaviours Using a Multivariable Predictive Approach: Life Expectancy Lost in Canada Attributable to Smoking, Alcohol, Physical Inactivity, and Diet},
   journal = {PLoS Med},
   volume = {13},
   number = {8},
   pages = {e1002082},
   ISSN = {1549-1676 (Electronic)
1549-1277 (Linking)},
   DOI = {10.1371/journal.pmed.1002082},
   url = {https://www.ncbi.nlm.nih.gov/pubmed/27529741},
   year = {2016},
   type = {Journal Article}
}



@article{MPoRT.art,
	author = {Manuel D, et al},
	title = {Predictive risk algorithms in a population setting: an overview},
	volume = {66},
	number = {10},
	pages = {859--865},
	year = {2012},
	doi = {10.1136/jech-2012-200971},
	publisher = {BMJ Publishing Group Ltd},
	issn = {0143-005X},
	URL = {https://jech.bmj.com/content/66/10/859},
	eprint = {https://jech.bmj.com/content/66/10/859.full.pdf},
	journal = {Journal of Epidemiology \& Community Health}
}

@article{ONalcohol,
	author = {Rehm J, et al},
	title = {Alcohol-attributable mortality and potential years of life lost in Canada 2001: implications for prevention and policy},
	volume = {101},
	edition = {3},
	pages = {373-84},
	year = {2006},
	doi = {10.1111/j.1360-0443.2005.01338.x},
	journal = {Addiction}
}

@book{Chiang,
   author = {Chiang, C. L.},
   title = {The Life Table and Its Applications},
   publisher = {Robert E. Krieger Publ. Co.},
   address = {Malabar, Florida},
   pages = {1-316},
   year = {1984},
   type = {Book}
}

@article{Hsieh,
   author = {Hsieh, J. J.},
   title = {Construction of expanded continuous life tables--a generalization of abridged and complete life tables},
   journal = {Mathematical Biosciences},
   volume = {103},
   number = {2},
   pages = {287-302},
   year = {1991},
   type = {Journal Article}
}